@book{bjerregaard2001metodos,
  title={M{\'e}todos matem{\'a}ticos: {\'a}lgebra lineal y geometr{\'\i}a},
  author={Bjerregaard, Pablo Gabriel Alberca and Barquero, Dolores Mart{\'\i}n},
  year={2001}
}
